@inproceedings{strehl1999scheduling,
  title={Scheduling Hardware/Software Systems Using Symbolic Techniques},
  author={Strehl, Karsten and Thiele, Lothar and Ziegenbein, Dirk and Ernst, Rolf and Teich, J{\"u}rgen},
  booktitle={Proceedings of the 7th International Workshop on Hardware/Software Codesign},
  pages={173--177},
  year={1999},
  organization={ACM}
}

@inproceedings{cabodi2002symbolic,
  title={A Symbolic Approach for the Combined Solution of Scheduling and Allocation},
  author={Cabodi, Gianpiero and Lazarescu, Mihai and Lavagno, Luciano and Nocco, Sergio and Passerone, Claudio and Quer, Stefano},
  booktitle={Proceedings of the 15th International Symposium on System Synthesis},
  pages={237--242},
  year={2002},
  organization={ACM}
}
@inproceedings{radivojevic1996symbolic,
  title={Symbolic Scheduling Techniques},
  author={Radivojevic, Aleksandar and Brewer, Forrest},
  booktitle={Proceedings of the 33rd Annual Design Automation Conference},
  pages={529--534},
  year={1996},
  organization={ACM}
}
@article{cimatti2012software,
  title={Software Model Checking with Explicit Scheduler and Symbolic Threads},
  author={Cimatti, Alessandro and Narasamdya, Iman and Roveri, Marco},
  journal={Logical Methods in Computer Science},
  volume={8},
  number={2},
  pages={1--42},
  year={2012},
  publisher={Logical Methods in Computer Science}
}

@phdthesis{soviani2007high,
  title={High Level Synthesis for Packet Processing Pipelines},
  author={Soviani, Cristian},
  school={Columbia University},
  year={2007},
  url={https://academiccommons.columbia.edu/doi/10.7916/D8DB88PH}
}
